<record><leader>00000cas a2200000 a 4500</leader><controlfield tag="001">11763730</controlfield><controlfield tag="008">850305d19201920ksuwr ne      0   a0eng d</controlfield><datafield ind1=" " ind2=" " tag="010"><subfield code="a">sn 84030272 </subfield></datafield><datafield ind1=" " ind2=" " tag="040"><subfield code="a">KSH</subfield><subfield code="b">eng</subfield><subfield code="c">KSH</subfield><subfield code="d">NPT</subfield><subfield code="d">OCL</subfield><subfield code="d">OCLCQ</subfield></datafield><datafield ind1=" " ind2=" " tag="042"><subfield code="a">msc</subfield></datafield><datafield ind1="0" ind2="4" tag="245"><subfield code="a">The Climax chronicle, the Quincy quill and the Neal news.</subfield></datafield><datafield ind1=" " ind2=" " tag="260"><subfield code="a">Madison, Kan. :</subfield><subfield code="b">Lawrence M. Shearer,</subfield><subfield code="c">1920.</subfield></datafield><datafield ind1=" " ind2=" " tag="300"><subfield code="a">1 v. :</subfield><subfield code="b">ill. ;</subfield><subfield code="c">56 cm.</subfield></datafield><datafield ind1=" " ind2=" " tag="310"><subfield code="a">Weekly</subfield></datafield><datafield ind1="0" ind2=" " tag="362"><subfield code="a">Vol. 6 (Nov. 24, 1920).</subfield></datafield><datafield ind1=" " ind2=" " tag="752"><subfield code="a">United States</subfield><subfield code="b">Kansas</subfield><subfield code="c">Greenwood</subfield><subfield code="d">Madison.</subfield></datafield><datafield ind1="0" ind2="4" tag="780"><subfield code="t">Climax chronicle</subfield><subfield code="w">(DLC)sn 84030273</subfield></datafield><datafield ind1="0" ind2="4" tag="780"><subfield code="t">Quincy quill and the Neal news</subfield><subfield code="w">(DLC)sn 84030275</subfield></datafield><datafield ind1="0" ind2="0" tag="785"><subfield code="t">Hamilton herald, the Climax chronicle, the Virgil visitor, the Quincy quill and the Neal news</subfield><subfield code="w">(DLC)sn 84030271</subfield></datafield></record>